@article{SFN,
	Author = {Zhang, B. and Horvath, S.},
	Journal = {Statistical Applications in Genetics and Molecular Biology},
	Keywords = {complex-networks, correlation, reviews},
	Number = {1},
	Pages = {article 17},
	Title = {A general framework for weighted gene co-expression network analysis},
	Url = {http://www.bepress.com/sagmb/vol4/iss1/art17},
	Volume = {4},
	Year = {2005},
	Bdsk-Url-1 = {http://www.bepress.com/sagmb/vol4/iss1/art17}}
	
@article{PLINK,
	Author = {Purcell, S. and Neale, B. and Todd-Brown, K. and Thomas, L. and Ferreira, M.A.R. and Bender, D. and Maller, J. and Sklar, P. and de Bakker, P.I.W. and Daly, M.J. and others},
	Journal = {The American Journal of Human Genetics},
	Number = {3},
	Pages = {559--575},
	Publisher = {Elsevier},
	Title = {{PLINK: a tool set for whole-genome association and population-based linkage analyses}},
	Volume = {81},
	Year = {2007}}

@article{LikelihoodTest,
	Author = {Wu, T.T. and Chen, Y.F. and Hastie, T. and Sobel, E. and Lange, K.},
	Journal = {Bioinformatics},
	Number = {6},
	Pages = {714--721},
	Publisher = {Oxford Univ Press},
	Title = {Genome-wide association analysis by lasso penalized logistic regression},
	Volume = {25},
	Year = {2009}}

@article{GLasso,
	Author = {Friedman, J. and Hastie, T. and Tibshirani, R.},
	Issn = {1465-4644},
	Journal = {Biostatistics},
	Number = {3},
	Pages = {432},
	Publisher = {Biometrika Trust},
	Title = {{Sparse inverse covariance estimation with the graphical lasso}},
	Volume = {9},
	Year = {2008}}
	
@article{GfLasso,
	Author = {Kim, S. and Xing, E.P.},
	Journal = {PLoS genetics},
	Number = {8},
	Pages = {e1000587},
	Publisher = {Public Library of Science},
	Title = {Statistical estimation of correlated genome associations to a quantitative trait network},
	Volume = {5},
	Year = {2009}}

@article{MPGL,
	Author = {Puniyani, Kriti and Kim, Seyoung and Xing, Eric P.},
	Journal = {Bioinformatics},
	Number = {12},
	Pages = {i208--216},
	Title = {Multi-population {GWA} mapping via multi-task regularized regression},
	Volume = {26},
	Year = {2010},
	Bdsk-Url-1 = {http://dx.doi.org/10.1093/bioinformatics/btq191}}

@conference{TreeLasso,
	Author = {Kim, S. and Xing, E. P.},
	Booktitle = {Proceedings of the 27th Annual International Conference on Machine Learning},
	Title = {{Tree-guided group lasso for multi-task regression with structured sparsity}},
	Year = {2010}}

@article{AMTL,
	Author = {Lee, S. and Zhu, J. and Xing, E.P.},
	Journal = {Advances in Neural Information Processing Systems},
	Pages = {1306--1314},
	Publisher = {Citeseer},
	Title = {Adaptive multi-task Lasso: with application to {eQTL} detection},
	Volume = {23},
	Year = {2010}}

@inproceedings{gGFLasso,
	Author = {Curtis, R.E. and Yin, J. and Kinnaird, P. and Xing, E.P.},
	Booktitle = {Pacific Symposium on Biocomputing},
	Title = {Finding Genome-Transcriptome-Phenome Association With Structured Association Mapping And Visualization In {Genamap}},
	Year = {2012},
	Pages = {327--38}}

@conference{PopAnal,
	Author = {Curtis, R E and others},
	Booktitle = {61st Annual Meeting of the American Society of Human Genetics},
	Title = {Population analysis of asthma genome-wide association data using {GenAMap}},
	Year = {2011}}

@article{Structure,
	Author = {Pritchard, J.K. and Stephens, M. and Donnelly, P.},
	Journal = {Genetics},
	Number = {2},
	Pages = {945-59},
	Title = {Inference of population structure using multilocus genotype data.},
	Volume = {155},
	Year = {2000}}

@article{ModuleAnalysis,
	Author = {Zhu, J. and Zhang, B. and Smith, E.N. and Drees, B. and Brem, R.B. and Kruglyak, L. and Bumgarner, R.E. and Schadt, E.E.},
	Journal = {Nature Genetics},
	Number = {7},
	Pages = {854},
	Publisher = {NIH Public Access},
	Title = {{Integrating large-scale functional genomic data to dissect the complexity of yeast regulatory networks}},
	Volume = {40},
	Year = {2008}}

@article{Lasso,
	Author = {Tibshirani, R.},
	Journal = {Journal of the Royal Statistical Society. Series B (Methodological)},
	Pages = {267--288},
	Publisher = {JSTOR},
	Title = {Regression shrinkage and selection via the lasso},
	Year = {1996}}

@misc{StructureLink,
	Title = {Structure Software Package},
	Url = {http://pritchardlab.stanford.edu/structure.html},
	Bdsk-Url-1 = {http://pritchardlab.stanford.edu/structure.html}}

@misc{HierarchicalClustering,
	Title = {Hierarchical Clustering Definition},
	Url = {http://en.wikipedia.org/wiki/Hierarchical_clustering},
	Bdsk-Url-1 = {http://en.wikipedia.org/wiki/Hierarchical_clustering}}
